@misc{hyperledgerCaliper,
  author = {Hyperledger},
  title = {{Hyperledger Caliper}},
  howpublished = "\url{https://hyperledger.github.io/caliper/}",
  year = {2020}, 
}

@misc{pswg,
    author = {Hyperledger-Caliper},
    title = {{Performance \& Scalability Working Group}},
    howpublished = "\url{https://www.hyperledger.org/resources/publications/blockchain-performance-metrics/}",
    year = {2020},
}